@ONLINE {AnnaPawlicka2013,
    author = "Anna Pawlicka",
    title  = "How to add a new sensor to Aibo/NAO simulation in Webots",
    month  = "fev",
    year   = "2013",
    note   = "(visited on June 29, 2016)",
    url    = "http://annapawlicka.com/how-to-add-a-new-sensor-to-aibonao-simulation-in-webots/"
}

@ONLINE {CyberboticsNao,
    author = "Cyberbotics",
    title  = "Using the Nao robot",
    note   = "(visited on June 29, 2016)",
    url    = "https://www.cyberbotics.com/guide/using-the-nao-robot.php"
}

@ONLINE {CyberboticsDistanceSensor,
    author = "Cyberbotics",
    title  = "Distance Sensor",
    note   = "(visited on June 29, 2016)",
    url    = "https://www.cyberbotics.com/reference/distancesensor.php"
}

@ONLINE {AldebaranNaoSonars,
    author = "Aldebaran",
    title  = "Sonars",
    note   = "(visited on June 29, 2016)",
    url    = "http://doc.aldebaran.com/1-14/family/robots/sonar_robot.html"
}

@ONLINE {ProjectNaoControl2015,
    author = "Pierre Jacquot",
    title  = "PierreJac/Project-NAO-Control",
    month  = "jul",
    year   = "2015",
    note   = "(visited on June 29, 2016)",
    url    = "https://github.com/PierreJac/Project-NAO-Control"
}